@article{linformers,
  author       = {Sinong Wang and
                  Belinda Z. Li and
                  Madian Khabsa and
                  Han Fang and
                  Hao Ma},
  title        = {Linformer: Self-Attention with Linear Complexity},
  journal      = {CoRR},
  volume       = {abs/2006.04768},
  year         = {2020},
  eprint       = {2006.04768},
}
@inproceedings{ performers,
    title={Rethinking Attention with Performers},
    author={Krzysztof Marcin Choromanski and Valerii Likhosherstov and David Dohan and Xingyou Song and Andreea Gane and Tamas Sarlos and Peter Hawkins and Jared Quincy Davis and Afroz Mohiuddin and Lukasz Kaiser and David Benjamin Belanger and Lucy J Colwell and Adrian Weller},
    booktitle={International Conference on Learning Representations},
    year={2021},
}
@misc{cosformers,
      title={cosFormer: Rethinking Softmax in Attention}, 
      author={Zhen Qin and Weixuan Sun and Hui Deng and Dongxu Li and Yunshen Wei and Baohong Lv and Junjie Yan and Lingpeng Kong and Yiran Zhong},
      year={2022},
      eprint={2202.08791},
      archivePrefix={arXiv},
      primaryClass={cs.CL},
      url={https://arxiv.org/abs/2202.08791}, 
}
